<collection xmlns="http://www.loc.gov/MARC21/slim">
   <record>
      <leader>02849aam a2200397 i 4500</leader>
      <controlfield tag="001">6815436</controlfield>
      <controlfield tag="003">OCoLC</controlfield>
      <controlfield tag="005">20150218122559.0</controlfield>
      <controlfield tag="008">150108s2015    enka          000 0 eng  </controlfield>
      <datafield ind1=" " ind2=" " tag="020">
         <subfield code="a">9781780674094 (paperback)</subfield>
      </datafield>
      <datafield ind1=" " ind2=" " tag="020">
         <subfield code="a">1780674090 (paperback)</subfield>
      </datafield>
      <datafield ind1=" " ind2=" " tag="035">
         <subfield code="a">ocn899320442</subfield>
      </datafield>
      <datafield ind1=" " ind2=" " tag="040">
         <subfield code="a">AU@</subfield>
         <subfield code="b">eng</subfield>
         <subfield code="c">AU@</subfield>
         <subfield code="e">rda</subfield>
         <subfield code="d">OCLCO</subfield>
         <subfield code="d">UAB</subfield>
         <subfield code="d">AEU</subfield>
      </datafield>
      <datafield ind1=" " ind2="4" tag="050">
         <subfield code="a">TT562</subfield>
         <subfield code="b">.T78 2015</subfield>
      </datafield>
      <datafield ind1="0" ind2="4" tag="082">
         <subfield code="a">646/.34</subfield>
         <subfield code="2">23</subfield>
      </datafield>
      <datafield ind1=" " ind2=" " tag="090">
         <subfield code="a">TT 562 T78 2015</subfield>
         <subfield code="b">AEU</subfield>
      </datafield>
      <datafield ind1="1" ind2=" " tag="100">
         <subfield code="a">Tsukiori, Yoshiko,</subfield>
         <subfield code="e">author.</subfield>
         <subfield code="0">http://id.loc.gov/authorities/names/n2011085128</subfield>
         <subfield code="0">http://viaf.org/viaf/168632315</subfield>
      </datafield>
      <datafield ind1="1" ind2="0" tag="245">
         <subfield code="a">Girly style wardrobe /</subfield>
         <subfield code="c">Yoshiko Tsukiori ; translated from the Japanese by Andy Walker.</subfield>
      </datafield>
      <datafield ind1=" " ind2=" " tag="250">
         <subfield code="a">English edition.</subfield>
      </datafield>
      <datafield ind1=" " ind2="1" tag="264">
         <subfield code="a">London, United Kingdom :</subfield>
         <subfield code="b">Laurence King Publishing Ltd.,</subfield>
         <subfield code="c">2015.</subfield>
      </datafield>
      <datafield ind1=" " ind2=" " tag="300">
         <subfield code="a">87 pages :</subfield>
         <subfield code="b">illustrations (some color) ;</subfield>
         <subfield code="c">25 cm. +</subfield>
         <subfield code="e">1 pattern sheet</subfield>
      </datafield>
      <datafield ind1=" " ind2=" " tag="336">
         <subfield code="a">text</subfield>
         <subfield code="b">txt</subfield>
         <subfield code="2">rdacontent</subfield>
         <subfield code="0">http://id.loc.gov/vocabulary/contentTypes/txt</subfield>
      </datafield>
      <datafield ind1=" " ind2=" " tag="336">
         <subfield code="a">still image</subfield>
         <subfield code="b">sti</subfield>
         <subfield code="2">rdacontent</subfield>
         <subfield code="0">http://id.loc.gov/vocabulary/contentTypes/sti</subfield>
      </datafield>
      <datafield ind1=" " ind2=" " tag="337">
         <subfield code="a">unmediated</subfield>
         <subfield code="b">n</subfield>
         <subfield code="2">rdamedia</subfield>
         <subfield code="0">http://id.loc.gov/vocabulary/mediaTypes/n</subfield>
      </datafield>
      <datafield ind1=" " ind2=" " tag="338">
         <subfield code="a">volume</subfield>
         <subfield code="b">nc</subfield>
         <subfield code="2">rdacarrier</subfield>
         <subfield code="0">http://id.loc.gov/vocabulary/carriers/nc</subfield>
      </datafield>
      <datafield ind1=" " ind2=" " tag="500">
         <subfield code="a">"With 28 patterns for children."--Cover sticker.</subfield>
      </datafield>
      <datafield ind1=" " ind2=" " tag="500">
         <subfield code="a">Original Japanese edition published by Educational Foundation Bunka Gakuen Bunka Publishing Bureau.</subfield>
      </datafield>
      <datafield ind1=" " ind2=" " tag="520">
         <subfield code="a">Here Yoshiko Tsukiori turns her attention to clothes for little girls. She offers a complete wardrobe of 28 pieces from smart dresses to smocks, trousers and even a parka. Also included are a cute cap, clasp purse and drawstring bag, which are bound to delight their owners. She doesn't neglect the details bows, pin tucks, patch pockets and lace edging make gorgeous extras. As children's clothes should be, these designs are comfortable and practical to wear as well as pleasing to look at. The designs are based on unfussy shapes, straightforward sewing techniques and a minimum of pattern pieces, making them easily adaptable for use with different fabrics or in longer or shorter lengths. Comprehensive instructions, with step-by-step diagrams, are included, together with a full-scale paper pattern in five sizes (covering roughly ages 3 to 10).</subfield>
      </datafield>
      <datafield ind1=" " ind2=" " tag="596">
         <subfield code="a">48</subfield>
      </datafield>
      <datafield ind1=" " ind2="0" tag="650">
         <subfield code="a">Girls' clothing.</subfield>
         <subfield code="0">http://id.loc.gov/authorities/subjects/sh94003133</subfield>
      </datafield>
      <datafield ind1=" " ind2="0" tag="650">
         <subfield code="a">Children's clothing</subfield>
         <subfield code="x">Pattern design.</subfield>
         <subfield code="0">http://id.loc.gov/authorities/subjects/sh85023584</subfield>
      </datafield>
      <datafield ind1="1" ind2=" " tag="700">
         <subfield code="a">Walker, Andy,</subfield>
         <subfield code="e">translator.</subfield>
         <subfield code="0">http://id.loc.gov/authorities/names/nr2001043839</subfield>
         <subfield code="0">http://viaf.org/viaf/291612095</subfield>
      </datafield>
      <datafield ind1=" " ind2=" " tag="758">
         <subfield code="0">http://worldcat.org/entity/work/id/23271792</subfield>
      </datafield>
      <datafield ind1="0" ind2=" " tag="787">
         <subfield code="n">OCLC Work Id</subfield>
         <subfield code="o">http://worldcat.org/entity/work/id/23271792</subfield>
      </datafield>
      <datafield ind1=" " ind2=" " tag="949">
         <subfield code="a">TT 562 T78 2015</subfield>
         <subfield code="h">UASC-B</subfield>
         <subfield code="i">0162035249489</subfield>
      </datafield>
      <datafield ind1=" " ind2=" " tag="926">
         <subfield code="a">TT 562 T78 2015</subfield>
         <subfield code="w">LC</subfield>
         <subfield code="c">1</subfield>
         <subfield code="i">0162035249489</subfield>
         <subfield code="l">ON_SHELF</subfield>
         <subfield code="m">UASCITECH</subfield>
         <subfield code="p">$150.00</subfield>
         <subfield code="r">Y</subfield>
         <subfield code="s">Y</subfield>
         <subfield code="t">BOOK</subfield>
         <subfield code="u">3/4/2015</subfield>
      </datafield>
   </record>
</collection>
